<?xml version="1.0" encoding="UTF-8"?><collection xmlns="http://www.loc.gov/MARC21/slim"><record><leader>00558nam--2200205-i-4500</leader><controlfield tag="001">000048757</controlfield><controlfield tag="002">20161230</controlfield><controlfield tag="005">20161230201047</controlfield><controlfield tag="008">060222s1000------------r-----000-0-rus-d</controlfield><datafield ind1=" " ind2=" " tag="040"><subfield code="a">IFIN-HH</subfield></datafield><datafield ind1=" " ind2=" " tag="041"><subfield code="a">rus</subfield></datafield><datafield ind1=" " ind2=" " tag="080"><subfield code="a">535.4</subfield></datafield><datafield ind1="1" ind2=" " tag="100"><subfield code="a">Jijin, G.N</subfield></datafield><datafield ind1="1" ind2="0" tag="245"><subfield code="a">Opticeskie kolebatelnie spektri kristallov</subfield><subfield code="c">G.n. jijin; b.n. mavrin; b.f. shchabanov</subfield></datafield><datafield ind1=" " ind2=" " tag="260"><subfield code="a">Moskva, 1984. 512 S</subfield><subfield code="b">Nauka</subfield><subfield code="c">1984</subfield></datafield><datafield ind1=" " ind2=" " tag="300"><subfield code="a">231 p</subfield></datafield><datafield ind1=" " ind2=" " tag="490"><subfield code="a">Fizika I Tehnika Spektroskopii</subfield></datafield><datafield ind1="1" ind2=" " tag="700"><subfield code="a">Shchabanov, B.F</subfield></datafield><datafield ind1=" " ind2=" " tag="852"><subfield code="a">72587</subfield><subfield code="c">535</subfield></datafield><datafield ind1=" " ind2=" " tag="CAT"><subfield code="a">Sys</subfield><subfield code="c">20101125</subfield><subfield code="h">121638</subfield></datafield></record></collection>